<record><leader>00000cas a2200000 a 4500</leader><controlfield tag="001">24445250</controlfield><controlfield tag="008">910924d19021972iluwr ne      0   a0eng c</controlfield><datafield ind1=" " ind2=" " tag="010"><subfield code="a">sn 91055311 </subfield></datafield><datafield ind1=" " ind2=" " tag="040"><subfield code="a">NVF</subfield><subfield code="b">eng</subfield><subfield code="c">NVF</subfield><subfield code="d">NVF</subfield><subfield code="d">OCLCF</subfield><subfield code="d">OCLCO</subfield></datafield><datafield ind1="1" ind2=" " tag="029"><subfield code="a">AU@</subfield><subfield code="b">000020749481</subfield></datafield><datafield ind1=" " ind2=" " tag="042"><subfield code="a">pcc</subfield></datafield><datafield ind1=" " ind2=" " tag="043"><subfield code="a">n-us-il</subfield></datafield><datafield ind1="0" ind2="4" tag="245"><subfield code="a">The Clifton advocate.</subfield></datafield><datafield ind1=" " ind2=" " tag="260"><subfield code="a">Clifton, Ill. :</subfield><subfield code="b">Charles Trimble,</subfield><subfield code="c">1902-1972.</subfield></datafield><datafield ind1=" " ind2=" " tag="300"><subfield code="a">v.</subfield></datafield><datafield ind1=" " ind2=" " tag="310"><subfield code="a">Weekly</subfield></datafield><datafield ind1="0" ind2=" " tag="362"><subfield code="a">Vol. 10, no. 11 (Feb. 21, 1902)-v. 80, no. 11 (Apr. 6, 1972).</subfield></datafield><datafield ind1=" " ind2=" " tag="515"><subfield code="a">Continues the numbering of Comet (Clifton, Ill.).</subfield></datafield><datafield ind1=" " ind2="0" tag="651"><subfield code="a">Clifton (Ill.)</subfield><subfield code="v">Newspapers.</subfield></datafield><datafield ind1=" " ind2="7" tag="655"><subfield code="a">Newspapers.</subfield><subfield code="2">fast</subfield><subfield code="0">(OCoLC)fst01423814</subfield></datafield><datafield ind1=" " ind2="7" tag="651"><subfield code="a">Illinois</subfield><subfield code="z">Clifton.</subfield><subfield code="2">fast</subfield><subfield code="0">(OCoLC)fst01884337</subfield></datafield><datafield ind1=" " ind2=" " tag="752"><subfield code="a">United States</subfield><subfield code="b">Illinois</subfield><subfield code="c">Iroquois</subfield><subfield code="d">Clifton.</subfield></datafield><datafield ind1="0" ind2="0" tag="780"><subfield code="t">Comet (Clifton, Ill.)</subfield><subfield code="w">(DLC)sn 91055310</subfield><subfield code="w">(OCoLC)24445023</subfield></datafield><datafield ind1="0" ind2="0" tag="785"><subfield code="t">Clifton Chebanse Ashkum advocate</subfield><subfield code="w">(DLC)sn 91055312</subfield><subfield code="w">(OCoLC)24445463</subfield></datafield></record>